<record xmlns="http://www.openarchives.org/OAI/2.0/" xmlns:xsi="http://www.w3.org/2001/XMLSchema-instance"><header><identifier>oai:alma.34CSIC_INST:990012231670204201</identifier><datestamp>2020-02-06T08:41:03Z</datestamp><setSpec>manuscripta</setSpec></header><metadata><record xmlns="http://www.loc.gov/MARC21/slim" xmlns:xsi="http://www.w3.org/2001/XMLSchema-instance" xsi:schemaLocation="http://www.loc.gov/MARC21/slim http://www.loc.gov/standards/marcxml/schema/MARC21slim.xsd"><leader>03182ntm a2200517 i 4500</leader><controlfield tag="005">20181031100338.0</controlfield><controlfield tag="008">100223s18uu    xx            000 0 heb d</controlfield><controlfield tag="001">990012231670204201</controlfield><datafield tag="035" ind1=" " ind2=" "><subfield code="a">CSIC001223167</subfield></datafield><datafield tag="035" ind1=" " ind2=" "><subfield code="a">(ES-MaCSI)001223167MAD01-Aleph</subfield></datafield><datafield tag="035" ind1=" " ind2=" "><subfield code="a">(OCoLC)1124069350
</subfield></datafield><datafield tag="040" ind1=" " ind2=" "><subfield code="a">ES-MaCSI</subfield><subfield code="b">spa</subfield></datafield><datafield tag="080" ind1=" " ind2=" "><subfield code="a">091(=411.16)</subfield></datafield><datafield tag="080" ind1=" " ind2=" "><subfield code="a">26-587</subfield></datafield><datafield tag="100" ind1="1" ind2=" "><subfield code="a">Cardozo, Abraham Miguel</subfield></datafield><datafield tag="245" ind1="1" ind2="0"><subfield code="a">[Derushim] </subfield><subfield code="h">[Manuscrito]</subfield><subfield code="c">/ Abraham Miguel Cardozo.</subfield></datafield><datafield tag="260" ind1=" " ind2=" "><subfield code="a">[S.l.],</subfield><subfield code="c">18--.</subfield></datafield><datafield tag="300" ind1=" " ind2=" "><subfield code="a">248 f. (25-28 lín.) ;</subfield><subfield code="c">16,5 x 11 cm.</subfield></datafield><datafield tag="490" ind1="0" ind2=" "><subfield code="a">Manuscripta</subfield></datafield><datafield tag="500" ind1=" " ind2=" "><subfield code="a">Papel</subfield></datafield><datafield tag="500" ind1=" " ind2=" "><subfield code="a">Distribución línea tirada, 25-28 lín.</subfield></datafield><datafield tag="500" ind1=" " ind2=" "><subfield code="a">Incipit: דרוש המאיר מן דורשין במרכבה ביחיד אא''פ היה חכם</subfield></datafield><datafield tag="500" ind1=" " ind2=" "><subfield code="a">Explicit: שנתקן במציאות ה' פרצופים וג' ראשון</subfield></datafield><datafield tag="500" ind1=" " ind2=" "><subfield code="a">Lugar de escritura: Desconocido</subfield></datafield><datafield tag="500" ind1=" " ind2=" "><subfield code="a">Copista: Desconocido</subfield></datafield><datafield tag="500" ind1=" " ind2=" "><subfield code="a">Características especiales: texto dispuesto en forma de triángulo invertido en los f. 48r, 75v, 93v, 110v, 124v y 162v. Título de cada sección en el margen superior de cada f. Palabras iniciales de sección ocasionalmente decoradas.</subfield></datafield><datafield tag="500" ind1=" " ind2=" "><subfield code="a">Tipo de cuaderno: No se aprecia la composición de los cuad.</subfield></datafield><datafield tag="500" ind1=" " ind2=" "><subfield code="a">Buen estado de conservación</subfield></datafield><datafield tag="500" ind1=" " ind2=" "><subfield code="a">H en blanco: [3] f. iniciales, de guarda, 48v, 76, 94r-96v, 111, 112, 170v, 241v, 248v, [3] f. finales, de guarda.</subfield></datafield><datafield tag="500" ind1=" " ind2=" "><subfield code="a">H dañadas, mutiladas, sueltas: F. 1 y 2 pegados por la parte interior, ocultando parte del texto. Parte inferior cortada y pegada: f. 1. Agujereados f. 59 y 76.</subfield></datafield><datafield tag="500" ind1=" " ind2=" "><subfield code="a">Reclamos en cada pág.</subfield></datafield><datafield tag="500" ind1=" " ind2=" "><subfield code="a">Filigrana</subfield></datafield><datafield tag="500" ind1=" " ind2=" "><subfield code="a">Signatura antigua: CVI-M/112</subfield></datafield><datafield tag="505" ind1="8" ind2="0"><subfield code="a">Derushim, de Abraham Miguel Cardozo ?: Teshubat morenu al ma she-hiqshinu lo 233r-239v, Leshon ha-... Eshel she-katab lanu al ma she-hiqshinu 240r-241r, Hasagot al sefer eshel Abraham, de Mordehay Ashkenazi 242r-248r</subfield></datafield><datafield tag="515" ind1=" " ind2=" "><subfield code="a">Foliación moderna a lápiz en números arábigos, cada 5 f.</subfield></datafield><datafield tag="563" ind1=" " ind2=" "><subfield code="a">Enc. moderna en piel o similar, de color granate, sobre pastas; s. XX?</subfield></datafield><datafield tag="541" ind1=" " ind2=" "><subfield code="a">Procedencia: Desconocida</subfield></datafield><datafield tag="546" ind1=" " ind2=" "><subfield code="a">Hebreo</subfield><subfield code="b">Escritura hebrea sefardí cursiva</subfield></datafield><datafield tag="650" ind1=" " ind2="7"><subfield code="a">Cábala.</subfield><subfield code="2">CSICAU</subfield></datafield><datafield tag="650" ind1=" " ind2="7"><subfield code="a">Misticismo</subfield><subfield code="x">Judaísmo.</subfield><subfield code="2">CSICAU</subfield></datafield><datafield tag="650" ind1=" " ind2="7"><subfield code="a">Manuscritos hebreos.</subfield><subfield code="2">CSICAU</subfield></datafield><datafield tag="740" ind1="0" ind2=" "><subfield code="a">Responsa</subfield></datafield><datafield tag="740" ind1="0" ind2=" "><subfield code="a">Hasagot al sefer eshel Abraham</subfield></datafield><datafield tag="830" ind1=" " ind2="0"><subfield code="a">Manuscripta</subfield></datafield><datafield tag="856" ind1="4" ind2="1"><subfield code="u">http://aleph.csic.es/imagenes/mad01/0006_PMSC/P_001223167_642858_V00.pdf</subfield><subfield code="z">Descargar Pdf completo (17M)</subfield><subfield code="m">CSIC</subfield></datafield><datafield tag="856" ind1="4" ind2="1"><subfield code="u">http://simurg.bibliotecas.csic.es/viewer/image/CSIC001223167/1/</subfield><subfield code="z">Ver texto completo en SIMURG, el portal de fondos digitalizados del CSIC</subfield><subfield code="m">CSIC</subfield></datafield><datafield tag="856" ind1="4" ind2="1"><subfield code="u">http://aleph.csic.es/imagenes/mad01/0006_PMSC/html/001223167.html</subfield><subfield code="z">Ver texto completo en Bookreader</subfield></datafield></record></metadata></record>